%YAML 1.1
%TAG !u! tag:unity3d.com,2011:
--- !u!29 &1
OcclusionCullingSettings:
  m_ObjectHideFlags: 0
  serializedVersion: 2
  m_OcclusionBakeSettings:
    smallestOccluder: 5
    smallestHole: 0.25
    backfaceThreshold: 100
  m_SceneGUID: 00000000000000000000000000000000
  m_OcclusionCullingData: {fileID: 0}
--- !u!104 &2
RenderSettings:
  m_ObjectHideFlags: 0
  serializedVersion: 9
  m_Fog: 1
  m_FogColor: {r: 0.909804, g: 0.8431373, b: 0.76470596, a: 1}
  m_FogMode: 3
  m_FogDensity: 0.04
  m_LinearFogStart: 0
  m_LinearFogEnd: 300
  m_AmbientSkyColor: {r: 0.212, g: 0.227, b: 0.259, a: 1}
  m_AmbientEquatorColor: {r: 0.114, g: 0.125, b: 0.133, a: 1}
  m_AmbientGroundColor: {r: 0.047, g: 0.043, b: 0.035, a: 1}
  m_AmbientIntensity: 1
  m_AmbientMode: 0
  m_SubtractiveShadowColor: {r: 0.42, g: 0.478, b: 0.627, a: 1}
  m_SkyboxMaterial: {fileID: 2100000, guid: 8fc56946a1b593c4d8e3e0e94483338e, type: 2}
  m_HaloStrength: 0.5
  m_FlareStrength: 1
  m_FlareFadeSpeed: 3
  m_HaloTexture: {fileID: 0}
  m_SpotCookie: {fileID: 10001, guid: 0000000000000000e000000000000000, type: 0}
  m_DefaultReflectionMode: 0
  m_DefaultReflectionResolution: 128
  m_ReflectionBounces: 1
  m_ReflectionIntensity: 1
  m_CustomReflection: {fileID: 0}
  m_Sun: {fileID: 0}
  m_IndirectSpecularColor: {r: 0.87981796, g: 0.84195626, b: 0.7994396, a: 1}
  m_UseRadianceAmbientProbe: 0
--- !u!157 &3
LightmapSettings:
  m_ObjectHideFlags: 0
  serializedVersion: 12
  m_GIWorkflowMode: 1
  m_GISettings:
    serializedVersion: 2
    m_BounceScale: 1
    m_IndirectOutputScale: 1
    m_AlbedoBoost: 1
    m_EnvironmentLightingMode: 0
    m_EnableBakedLightmaps: 1
    m_EnableRealtimeLightmaps: 0
  m_LightmapEditorSettings:
    serializedVersion: 12
    m_Resolution: 2
    m_BakeResolution: 40
    m_AtlasSize: 1024
    m_AO: 0
    m_AOMaxDistance: 1
    m_CompAOExponent: 1
    m_CompAOExponentDirect: 0
    m_ExtractAmbientOcclusion: 0
    m_Padding: 2
    m_LightmapParameters: {fileID: 0}
    m_LightmapsBakeMode: 1
    m_TextureCompression: 1
    m_FinalGather: 0
    m_FinalGatherFiltering: 1
    m_FinalGatherRayCount: 256
    m_ReflectionCompression: 2
    m_MixedBakeMode: 2
    m_BakeBackend: 1
    m_PVRSampling: 1
    m_PVRDirectSampleCount: 32
    m_PVRSampleCount: 512
    m_PVRBounces: 2
    m_PVREnvironmentSampleCount: 256
    m_PVREnvironmentReferencePointCount: 2048
    m_PVRFilteringMode: 1
    m_PVRDenoiserTypeDirect: 1
    m_PVRDenoiserTypeIndirect: 1
    m_PVRDenoiserTypeAO: 1
    m_PVRFilterTypeDirect: 0
    m_PVRFilterTypeIndirect: 0
    m_PVRFilterTypeAO: 0
    m_PVREnvironmentMIS: 1
    m_PVRCulling: 1
    m_PVRFilteringGaussRadiusDirect: 1
    m_PVRFilteringGaussRadiusIndirect: 5
    m_PVRFilteringGaussRadiusAO: 2
    m_PVRFilteringAtrousPositionSigmaDirect: 0.5
    m_PVRFilteringAtrousPositionSigmaIndirect: 2
    m_PVRFilteringAtrousPositionSigmaAO: 1
    m_ExportTrainingData: 0
    m_TrainingDataDestination: TrainingData
    m_LightProbeSampleCountMultiplier: 4
  m_LightingDataAsset: {fileID: 0}
  m_LightingSettings: {fileID: 4890085278179872738, guid: 5952f89319f58441490e359bd6e35475, type: 2}
--- !u!196 &4
NavMeshSettings:
  serializedVersion: 2
  m_ObjectHideFlags: 0
  m_BuildSettings:
    serializedVersion: 2
    agentTypeID: 0
    agentRadius: 0.5
    agentHeight: 2
    agentSlope: 45
    agentClimb: 0.4
    ledgeDropHeight: 0
    maxJumpAcrossDistance: 0
    minRegionArea: 2
    manualCellSize: 0
    cellSize: 0.16666667
    manualTileSize: 0
    tileSize: 256
    accuratePlacement: 0
    maxJobWorkers: 0
    preserveTilesOutsideBounds: 0
    debug:
      m_Flags: 0
  m_NavMeshData: {fileID: 0}
--- !u!1001 &20795379
PrefabInstance:
  m_ObjectHideFlags: 0
  serializedVersion: 2
  m_Modification:
    m_TransformParent: {fileID: 0}
    m_Modifications:
    - target: {fileID: -8679921383154817045, guid: 5cea0a5faf723e04eab68d91724f505b, type: 3}
      propertyPath: m_RootOrder
      value: 4
      objectReference: {fileID: 0}
    - target: {fileID: -8679921383154817045, guid: 5cea0a5faf723e04eab68d91724f505b, type: 3}
      propertyPath: m_LocalPosition.x
      value: -0
      objectReference: {fileID: 0}
    - target: {fileID: -8679921383154817045, guid: 5cea0a5faf723e04eab68d91724f505b, type: 3}
      propertyPath: m_LocalPosition.y
      value: 0
      objectReference: {fileID: 0}
    - target: {fileID: -8679921383154817045, guid: 5cea0a5faf723e04eab68d91724f505b, type: 3}
      propertyPath: m_LocalPosition.z
      value: 0
      objectReference: {fileID: 0}
    - target: {fileID: -8679921383154817045, guid: 5cea0a5faf723e04eab68d91724f505b, type: 3}
      propertyPath: m_LocalRotation.w
      value: 1
      objectReference: {fileID: 0}
    - target: {fileID: -8679921383154817045, guid: 5cea0a5faf723e04eab68d91724f505b, type: 3}
      propertyPath: m_LocalRotation.x
      value: 0
      objectReference: {fileID: 0}
    - target: {fileID: -8679921383154817045, guid: 5cea0a5faf723e04eab68d91724f505b, type: 3}
      propertyPath: m_LocalRotation.y
      value: -0
      objectReference: {fileID: 0}
    - target: {fileID: -8679921383154817045, guid: 5cea0a5faf723e04eab68d91724f505b, type: 3}
      propertyPath: m_LocalRotation.z
      value: -0
      objectReference: {fileID: 0}
    - target: {fileID: -8679921383154817045, guid: 5cea0a5faf723e04eab68d91724f505b, type: 3}
      propertyPath: m_LocalEulerAnglesHint.x
      value: 0
      objectReference: {fileID: 0}
    - target: {fileID: -8679921383154817045, guid: 5cea0a5faf723e04eab68d91724f505b, type: 3}
      propertyPath: m_LocalEulerAnglesHint.y
      value: 0
      objectReference: {fileID: 0}
    - target: {fileID: -8679921383154817045, guid: 5cea0a5faf723e04eab68d91724f505b, type: 3}
      propertyPath: m_LocalEulerAnglesHint.z
      value: 0
      objectReference: {fileID: 0}
    - target: {fileID: 919132149155446097, guid: 5cea0a5faf723e04eab68d91724f505b, type: 3}
      propertyPath: m_Name
      value: Boss3
      objectReference: {fileID: 0}
    - target: {fileID: 919132149155446097, guid: 5cea0a5faf723e04eab68d91724f505b, type: 3}
      propertyPath: m_IsActive
      value: 0
      objectReference: {fileID: 0}
    m_RemovedComponents: []
  m_SourcePrefab: {fileID: 100100000, guid: 5cea0a5faf723e04eab68d91724f505b, type: 3}
--- !u!1001 &316498783
PrefabInstance:
  m_ObjectHideFlags: 0
  serializedVersion: 2
  m_Modification:
    m_TransformParent: {fileID: 0}
    m_Modifications:
    - target: {fileID: -8679921383154817045, guid: be23a3f017cf29e4cbe97fe280354a7e, type: 3}
      propertyPath: m_RootOrder
      value: 12
      objectReference: {fileID: 0}
    - target: {fileID: -8679921383154817045, guid: be23a3f017cf29e4cbe97fe280354a7e, type: 3}
      propertyPath: m_LocalPosition.x
      value: -0.27
      objectReference: {fileID: 0}
    - target: {fileID: -8679921383154817045, guid: be23a3f017cf29e4cbe97fe280354a7e, type: 3}
      propertyPath: m_LocalPosition.y
      value: 0.025742186
      objectReference: {fileID: 0}
    - target: {fileID: -8679921383154817045, guid: be23a3f017cf29e4cbe97fe280354a7e, type: 3}
      propertyPath: m_LocalPosition.z
      value: 27.5
      objectReference: {fileID: 0}
    - target: {fileID: -8679921383154817045, guid: be23a3f017cf29e4cbe97fe280354a7e, type: 3}
      propertyPath: m_LocalRotation.w
      value: 1
      objectReference: {fileID: 0}
    - target: {fileID: -8679921383154817045, guid: be23a3f017cf29e4cbe97fe280354a7e, type: 3}
      propertyPath: m_LocalRotation.x
      value: 0
      objectReference: {fileID: 0}
    - target: {fileID: -8679921383154817045, guid: be23a3f017cf29e4cbe97fe280354a7e, type: 3}
      propertyPath: m_LocalRotation.y
      value: -0
      objectReference: {fileID: 0}
    - target: {fileID: -8679921383154817045, guid: be23a3f017cf29e4cbe97fe280354a7e, type: 3}
      propertyPath: m_LocalRotation.z
      value: -0
      objectReference: {fileID: 0}
    - target: {fileID: -8679921383154817045, guid: be23a3f017cf29e4cbe97fe280354a7e, type: 3}
      propertyPath: m_LocalEulerAnglesHint.x
      value: 0
      objectReference: {fileID: 0}
    - target: {fileID: -8679921383154817045, guid: be23a3f017cf29e4cbe97fe280354a7e, type: 3}
      propertyPath: m_LocalEulerAnglesHint.y
      value: 0
      objectReference: {fileID: 0}
    - target: {fileID: -8679921383154817045, guid: be23a3f017cf29e4cbe97fe280354a7e, type: 3}
      propertyPath: m_LocalEulerAnglesHint.z
      value: 0
      objectReference: {fileID: 0}
    - target: {fileID: 919132149155446097, guid: be23a3f017cf29e4cbe97fe280354a7e, type: 3}
      propertyPath: m_Name
      value: Gateway
      objectReference: {fileID: 0}
    m_RemovedComponents: []
  m_SourcePrefab: {fileID: 100100000, guid: be23a3f017cf29e4cbe97fe280354a7e, type: 3}
--- !u!1001 &380888526
PrefabInstance:
  m_ObjectHideFlags: 0
  serializedVersion: 2
  m_Modification:
    m_TransformParent: {fileID: 0}
    m_Modifications:
    - target: {fileID: -8679921383154817045, guid: 516966f784eecb447acdfb156f066093, type: 3}
      propertyPath: m_RootOrder
      value: 18
      objectReference: {fileID: 0}
    - target: {fileID: -8679921383154817045, guid: 516966f784eecb447acdfb156f066093, type: 3}
      propertyPath: m_LocalPosition.x
      value: -0.011100995
      objectReference: {fileID: 0}
    - target: {fileID: -8679921383154817045, guid: 516966f784eecb447acdfb156f066093, type: 3}
      propertyPath: m_LocalPosition.y
      value: -0.43109396
      objectReference: {fileID: 0}
    - target: {fileID: -8679921383154817045, guid: 516966f784eecb447acdfb156f066093, type: 3}
      propertyPath: m_LocalPosition.z
      value: 15.82
      objectReference: {fileID: 0}
    - target: {fileID: -8679921383154817045, guid: 516966f784eecb447acdfb156f066093, type: 3}
      propertyPath: m_LocalRotation.w
      value: 1
      objectReference: {fileID: 0}
    - target: {fileID: -8679921383154817045, guid: 516966f784eecb447acdfb156f066093, type: 3}
      propertyPath: m_LocalRotation.x
      value: 0
      objectReference: {fileID: 0}
    - target: {fileID: -8679921383154817045, guid: 516966f784eecb447acdfb156f066093, type: 3}
      propertyPath: m_LocalRotation.y
      value: -0
      objectReference: {fileID: 0}
    - target: {fileID: -8679921383154817045, guid: 516966f784eecb447acdfb156f066093, type: 3}
      propertyPath: m_LocalRotation.z
      value: -0
      objectReference: {fileID: 0}
    - target: {fileID: -8679921383154817045, guid: 516966f784eecb447acdfb156f066093, type: 3}
      propertyPath: m_LocalEulerAnglesHint.x
      value: 0
      objectReference: {fileID: 0}
    - target: {fileID: -8679921383154817045, guid: 516966f784eecb447acdfb156f066093, type: 3}
      propertyPath: m_LocalEulerAnglesHint.y
      value: 0
      objectReference: {fileID: 0}
    - target: {fileID: -8679921383154817045, guid: 516966f784eecb447acdfb156f066093, type: 3}
      propertyPath: m_LocalEulerAnglesHint.z
      value: 0
      objectReference: {fileID: 0}
    - target: {fileID: 919132149155446097, guid: 516966f784eecb447acdfb156f066093, type: 3}
      propertyPath: m_Name
      value: RailTrail and action platform (1)
      objectReference: {fileID: 0}
    m_RemovedComponents: []
  m_SourcePrefab: {fileID: 100100000, guid: 516966f784eecb447acdfb156f066093, type: 3}
--- !u!1001 &423382124
PrefabInstance:
  m_ObjectHideFlags: 0
  serializedVersion: 2
  m_Modification:
    m_TransformParent: {fileID: 0}
    m_Modifications:
    - target: {fileID: -8679921383154817045, guid: bfd7186bc2bd2f142aa9769141d6e3fc, type: 3}
      propertyPath: m_RootOrder
      value: 13
      objectReference: {fileID: 0}
    - target: {fileID: -8679921383154817045, guid: bfd7186bc2bd2f142aa9769141d6e3fc, type: 3}
      propertyPath: m_LocalPosition.x
      value: -5.67
      objectReference: {fileID: 0}
    - target: {fileID: -8679921383154817045, guid: bfd7186bc2bd2f142aa9769141d6e3fc, type: 3}
      propertyPath: m_LocalPosition.y
      value: 2.5598814
      objectReference: {fileID: 0}
    - target: {fileID: -8679921383154817045, guid: bfd7186bc2bd2f142aa9769141d6e3fc, type: 3}
      propertyPath: m_LocalPosition.z
      value: 49.36
      objectReference: {fileID: 0}
    - target: {fileID: -8679921383154817045, guid: bfd7186bc2bd2f142aa9769141d6e3fc, type: 3}
      propertyPath: m_LocalRotation.w
      value: 1
      objectReference: {fileID: 0}
    - target: {fileID: -8679921383154817045, guid: bfd7186bc2bd2f142aa9769141d6e3fc, type: 3}
      propertyPath: m_LocalRotation.x
      value: 0
      objectReference: {fileID: 0}
    - target: {fileID: -8679921383154817045, guid: bfd7186bc2bd2f142aa9769141d6e3fc, type: 3}
      propertyPath: m_LocalRotation.y
      value: -0
      objectReference: {fileID: 0}
    - target: {fileID: -8679921383154817045, guid: bfd7186bc2bd2f142aa9769141d6e3fc, type: 3}
      propertyPath: m_LocalRotation.z
      value: -0
      objectReference: {fileID: 0}
    - target: {fileID: -8679921383154817045, guid: bfd7186bc2bd2f142aa9769141d6e3fc, type: 3}
      propertyPath: m_LocalEulerAnglesHint.x
      value: 0
      objectReference: {fileID: 0}
    - target: {fileID: -8679921383154817045, guid: bfd7186bc2bd2f142aa9769141d6e3fc, type: 3}
      propertyPath: m_LocalEulerAnglesHint.y
      value: 0
      objectReference: {fileID: 0}
    - target: {fileID: -8679921383154817045, guid: bfd7186bc2bd2f142aa9769141d6e3fc, type: 3}
      propertyPath: m_LocalEulerAnglesHint.z
      value: 0
      objectReference: {fileID: 0}
    - target: {fileID: 919132149155446097, guid: bfd7186bc2bd2f142aa9769141d6e3fc, type: 3}
      propertyPath: m_Name
      value: TrainBogyFront
      objectReference: {fileID: 0}
    m_RemovedComponents: []
  m_SourcePrefab: {fileID: 100100000, guid: bfd7186bc2bd2f142aa9769141d6e3fc, type: 3}
--- !u!1001 &502996429
PrefabInstance:
  m_ObjectHideFlags: 0
  serializedVersion: 2
  m_Modification:
    m_TransformParent: {fileID: 0}
    m_Modifications:
    - target: {fileID: -8679921383154817045, guid: dd5a84a7e2a4e2a4c9bc84b103fe2968, type: 3}
      propertyPath: m_RootOrder
      value: 3
      objectReference: {fileID: 0}
    - target: {fileID: -8679921383154817045, guid: dd5a84a7e2a4e2a4c9bc84b103fe2968, type: 3}
      propertyPath: m_LocalPosition.x
      value: 1.26
      objectReference: {fileID: 0}
    - target: {fileID: -8679921383154817045, guid: dd5a84a7e2a4e2a4c9bc84b103fe2968, type: 3}
      propertyPath: m_LocalPosition.y
      value: 0
      objectReference: {fileID: 0}
    - target: {fileID: -8679921383154817045, guid: dd5a84a7e2a4e2a4c9bc84b103fe2968, type: 3}
      propertyPath: m_LocalPosition.z
      value: 13.85
      objectReference: {fileID: 0}
    - target: {fileID: -8679921383154817045, guid: dd5a84a7e2a4e2a4c9bc84b103fe2968, type: 3}
      propertyPath: m_LocalRotation.w
      value: 0.9708717
      objectReference: {fileID: 0}
    - target: {fileID: -8679921383154817045, guid: dd5a84a7e2a4e2a4c9bc84b103fe2968, type: 3}
      propertyPath: m_LocalRotation.x
      value: -0
      objectReference: {fileID: 0}
    - target: {fileID: -8679921383154817045, guid: dd5a84a7e2a4e2a4c9bc84b103fe2968, type: 3}
      propertyPath: m_LocalRotation.y
      value: 0.23959988
      objectReference: {fileID: 0}
    - target: {fileID: -8679921383154817045, guid: dd5a84a7e2a4e2a4c9bc84b103fe2968, type: 3}
      propertyPath: m_LocalRotation.z
      value: -0
      objectReference: {fileID: 0}
    - target: {fileID: -8679921383154817045, guid: dd5a84a7e2a4e2a4c9bc84b103fe2968, type: 3}
      propertyPath: m_LocalEulerAnglesHint.x
      value: 0
      objectReference: {fileID: 0}
    - target: {fileID: -8679921383154817045, guid: dd5a84a7e2a4e2a4c9bc84b103fe2968, type: 3}
      propertyPath: m_LocalEulerAnglesHint.y
      value: 27.726
      objectReference: {fileID: 0}
    - target: {fileID: -8679921383154817045, guid: dd5a84a7e2a4e2a4c9bc84b103fe2968, type: 3}
      propertyPath: m_LocalEulerAnglesHint.z
      value: 0
      objectReference: {fileID: 0}
    - target: {fileID: -5086345334996763254, guid: dd5a84a7e2a4e2a4c9bc84b103fe2968, type: 3}
      propertyPath: m_CastShadows
      value: 1
      objectReference: {fileID: 0}
    - target: {fileID: 919132149155446097, guid: dd5a84a7e2a4e2a4c9bc84b103fe2968, type: 3}
      propertyPath: m_Name
      value: Life
      objectReference: {fileID: 0}
    - target: {fileID: 919132149155446097, guid: dd5a84a7e2a4e2a4c9bc84b103fe2968, type: 3}
      propertyPath: m_IsActive
      value: 1
      objectReference: {fileID: 0}
    m_RemovedComponents: []
  m_SourcePrefab: {fileID: 100100000, guid: dd5a84a7e2a4e2a4c9bc84b103fe2968, type: 3}
--- !u!1001 &616493850
PrefabInstance:
  m_ObjectHideFlags: 0
  serializedVersion: 2
  m_Modification:
    m_TransformParent: {fileID: 0}
    m_Modifications:
    - target: {fileID: -8679921383154817045, guid: 1a1ac243e8bab284fa8372f4e06db5ca, type: 3}
      propertyPath: m_RootOrder
      value: 11
      objectReference: {fileID: 0}
    - target: {fileID: -8679921383154817045, guid: 1a1ac243e8bab284fa8372f4e06db5ca, type: 3}
      propertyPath: m_LocalPosition.x
      value: 1.17
      objectReference: {fileID: 0}
    - target: {fileID: -8679921383154817045, guid: 1a1ac243e8bab284fa8372f4e06db5ca, type: 3}
      propertyPath: m_LocalPosition.y
      value: 1.109398
      objectReference: {fileID: 0}
    - target: {fileID: -8679921383154817045, guid: 1a1ac243e8bab284fa8372f4e06db5ca, type: 3}
      propertyPath: m_LocalPosition.z
      value: 11.21
      objectReference: {fileID: 0}
    - target: {fileID: -8679921383154817045, guid: 1a1ac243e8bab284fa8372f4e06db5ca, type: 3}
      propertyPath: m_LocalRotation.w
      value: 1
      objectReference: {fileID: 0}
    - target: {fileID: -8679921383154817045, guid: 1a1ac243e8bab284fa8372f4e06db5ca, type: 3}
      propertyPath: m_LocalRotation.x
      value: 0
      objectReference: {fileID: 0}
    - target: {fileID: -8679921383154817045, guid: 1a1ac243e8bab284fa8372f4e06db5ca, type: 3}
      propertyPath: m_LocalRotation.y
      value: 0
      objectReference: {fileID: 0}
    - target: {fileID: -8679921383154817045, guid: 1a1ac243e8bab284fa8372f4e06db5ca, type: 3}
      propertyPath: m_LocalRotation.z
      value: 0
      objectReference: {fileID: 0}
    - target: {fileID: -8679921383154817045, guid: 1a1ac243e8bab284fa8372f4e06db5ca, type: 3}
      propertyPath: m_LocalEulerAnglesHint.x
      value: 0
      objectReference: {fileID: 0}
    - target: {fileID: -8679921383154817045, guid: 1a1ac243e8bab284fa8372f4e06db5ca, type: 3}
      propertyPath: m_LocalEulerAnglesHint.y
      value: 0
      objectReference: {fileID: 0}
    - target: {fileID: -8679921383154817045, guid: 1a1ac243e8bab284fa8372f4e06db5ca, type: 3}
      propertyPath: m_LocalEulerAnglesHint.z
      value: 0
      objectReference: {fileID: 0}
    - target: {fileID: -7511558181221131132, guid: 1a1ac243e8bab284fa8372f4e06db5ca, type: 3}
      propertyPath: m_CastShadows
      value: 1
      objectReference: {fileID: 0}
    - target: {fileID: 919132149155446097, guid: 1a1ac243e8bab284fa8372f4e06db5ca, type: 3}
      propertyPath: m_Name
      value: 2x
      objectReference: {fileID: 0}
    m_RemovedComponents: []
  m_SourcePrefab: {fileID: 100100000, guid: 1a1ac243e8bab284fa8372f4e06db5ca, type: 3}
--- !u!1001 &729808473
PrefabInstance:
  m_ObjectHideFlags: 0
  serializedVersion: 2
  m_Modification:
    m_TransformParent: {fileID: 0}
    m_Modifications:
    - target: {fileID: -8679921383154817045, guid: 516966f784eecb447acdfb156f066093, type: 3}
      propertyPath: m_RootOrder
      value: 20
      objectReference: {fileID: 0}
    - target: {fileID: -8679921383154817045, guid: 516966f784eecb447acdfb156f066093, type: 3}
      propertyPath: m_LocalPosition.x
      value: -0.011100995
      objectReference: {fileID: 0}
    - target: {fileID: -8679921383154817045, guid: 516966f784eecb447acdfb156f066093, type: 3}
      propertyPath: m_LocalPosition.y
      value: -0.43109396
      objectReference: {fileID: 0}
    - target: {fileID: -8679921383154817045, guid: 516966f784eecb447acdfb156f066093, type: 3}
      propertyPath: m_LocalPosition.z
      value: 47.57
      objectReference: {fileID: 0}
    - target: {fileID: -8679921383154817045, guid: 516966f784eecb447acdfb156f066093, type: 3}
      propertyPath: m_LocalRotation.w
      value: 1
      objectReference: {fileID: 0}
    - target: {fileID: -8679921383154817045, guid: 516966f784eecb447acdfb156f066093, type: 3}
      propertyPath: m_LocalRotation.x
      value: 0
      objectReference: {fileID: 0}
    - target: {fileID: -8679921383154817045, guid: 516966f784eecb447acdfb156f066093, type: 3}
      propertyPath: m_LocalRotation.y
      value: -0
      objectReference: {fileID: 0}
    - target: {fileID: -8679921383154817045, guid: 516966f784eecb447acdfb156f066093, type: 3}
      propertyPath: m_LocalRotation.z
      value: -0
      objectReference: {fileID: 0}
    - target: {fileID: -8679921383154817045, guid: 516966f784eecb447acdfb156f066093, type: 3}
      propertyPath: m_LocalEulerAnglesHint.x
      value: 0
      objectReference: {fileID: 0}
    - target: {fileID: -8679921383154817045, guid: 516966f784eecb447acdfb156f066093, type: 3}
      propertyPath: m_LocalEulerAnglesHint.y
      value: 0
      objectReference: {fileID: 0}
    - target: {fileID: -8679921383154817045, guid: 516966f784eecb447acdfb156f066093, type: 3}
      propertyPath: m_LocalEulerAnglesHint.z
      value: 0
      objectReference: {fileID: 0}
    - target: {fileID: 919132149155446097, guid: 516966f784eecb447acdfb156f066093, type: 3}
      propertyPath: m_Name
      value: RailTrail and action platform (3)
      objectReference: {fileID: 0}
    m_RemovedComponents: []
  m_SourcePrefab: {fileID: 100100000, guid: 516966f784eecb447acdfb156f066093, type: 3}
--- !u!1001 &763596835
PrefabInstance:
  m_ObjectHideFlags: 0
  serializedVersion: 2
  m_Modification:
    m_TransformParent: {fileID: 0}
    m_Modifications:
    - target: {fileID: -8679921383154817045, guid: e0457444c9efbd447987f14939522fb3, type: 3}
      propertyPath: m_RootOrder
      value: 9
      objectReference: {fileID: 0}
    - target: {fileID: -8679921383154817045, guid: e0457444c9efbd447987f14939522fb3, type: 3}
      propertyPath: m_LocalPosition.x
      value: 1.21
      objectReference: {fileID: 0}
    - target: {fileID: -8679921383154817045, guid: e0457444c9efbd447987f14939522fb3, type: 3}
      propertyPath: m_LocalPosition.y
      value: 1.4115788
      objectReference: {fileID: 0}
    - target: {fileID: -8679921383154817045, guid: e0457444c9efbd447987f14939522fb3, type: 3}
      propertyPath: m_LocalPosition.z
      value: 19.41
      objectReference: {fileID: 0}
    - target: {fileID: -8679921383154817045, guid: e0457444c9efbd447987f14939522fb3, type: 3}
      propertyPath: m_LocalRotation.w
      value: 1
      objectReference: {fileID: 0}
    - target: {fileID: -8679921383154817045, guid: e0457444c9efbd447987f14939522fb3, type: 3}
      propertyPath: m_LocalRotation.x
      value: 0
      objectReference: {fileID: 0}
    - target: {fileID: -8679921383154817045, guid: e0457444c9efbd447987f14939522fb3, type: 3}
      propertyPath: m_LocalRotation.y
      value: -0
      objectReference: {fileID: 0}
    - target: {fileID: -8679921383154817045, guid: e0457444c9efbd447987f14939522fb3, type: 3}
      propertyPath: m_LocalRotation.z
      value: -0
      objectReference: {fileID: 0}
    - target: {fileID: -8679921383154817045, guid: e0457444c9efbd447987f14939522fb3, type: 3}
      propertyPath: m_LocalEulerAnglesHint.x
      value: 0
      objectReference: {fileID: 0}
    - target: {fileID: -8679921383154817045, guid: e0457444c9efbd447987f14939522fb3, type: 3}
      propertyPath: m_LocalEulerAnglesHint.y
      value: 0
      objectReference: {fileID: 0}
    - target: {fileID: -8679921383154817045, guid: e0457444c9efbd447987f14939522fb3, type: 3}
      propertyPath: m_LocalEulerAnglesHint.z
      value: 0
      objectReference: {fileID: 0}
    - target: {fileID: -7511558181221131132, guid: e0457444c9efbd447987f14939522fb3, type: 3}
      propertyPath: m_CastShadows
      value: 1
      objectReference: {fileID: 0}
    - target: {fileID: 919132149155446097, guid: e0457444c9efbd447987f14939522fb3, type: 3}
      propertyPath: m_Name
      value: Shield
      objectReference: {fileID: 0}
    m_RemovedComponents: []
  m_SourcePrefab: {fileID: 100100000, guid: e0457444c9efbd447987f14939522fb3, type: 3}
--- !u!1 &843279568
GameObject:
  m_ObjectHideFlags: 0
  m_CorrespondingSourceObject: {fileID: 0}
  m_PrefabInstance: {fileID: 0}
  m_PrefabAsset: {fileID: 0}
  serializedVersion: 6
  m_Component:
  - component: {fileID: 843279572}
  - component: {fileID: 843279571}
  - component: {fileID: 843279570}
  - component: {fileID: 843279569}
  m_Layer: 0
  m_Name: Cube
  m_TagString: Untagged
  m_Icon: {fileID: 0}
  m_NavMeshLayer: 0
  m_StaticEditorFlags: 0
  m_IsActive: 0
--- !u!65 &843279569
BoxCollider:
  m_ObjectHideFlags: 0
  m_CorrespondingSourceObject: {fileID: 0}
  m_PrefabInstance: {fileID: 0}
  m_PrefabAsset: {fileID: 0}
  m_GameObject: {fileID: 843279568}
  m_Material: {fileID: 0}
  m_IsTrigger: 0
  m_Enabled: 1
  serializedVersion: 2
  m_Size: {x: 1, y: 1, z: 1}
  m_Center: {x: 0, y: 0, z: 0}
--- !u!23 &843279570
MeshRenderer:
  m_ObjectHideFlags: 0
  m_CorrespondingSourceObject: {fileID: 0}
  m_PrefabInstance: {fileID: 0}
  m_PrefabAsset: {fileID: 0}
  m_GameObject: {fileID: 843279568}
  m_Enabled: 1
  m_CastShadows: 1
  m_ReceiveShadows: 1
  m_DynamicOccludee: 1
  m_StaticShadowCaster: 0
  m_MotionVectors: 1
  m_LightProbeUsage: 1
  m_ReflectionProbeUsage: 1
  m_RayTracingMode: 2
  m_RayTraceProcedural: 0
  m_RenderingLayerMask: 1
  m_RendererPriority: 0
  m_Materials:
  - {fileID: 2100000, guid: 31321ba15b8f8eb4c954353edc038b1d, type: 2}
  m_StaticBatchInfo:
    firstSubMesh: 0
    subMeshCount: 0
  m_StaticBatchRoot: {fileID: 0}
  m_ProbeAnchor: {fileID: 0}
  m_LightProbeVolumeOverride: {fileID: 0}
  m_ScaleInLightmap: 1
  m_ReceiveGI: 1
  m_PreserveUVs: 0
  m_IgnoreNormalsForChartDetection: 0
  m_ImportantGI: 0
  m_StitchLightmapSeams: 1
  m_SelectedEditorRenderState: 3
  m_MinimumChartSize: 4
  m_AutoUVMaxDistance: 0.5
  m_AutoUVMaxAngle: 89
  m_LightmapParameters: {fileID: 0}
  m_SortingLayerID: 0
  m_SortingLayer: 0
  m_SortingOrder: 0
  m_AdditionalVertexStreams: {fileID: 0}
--- !u!33 &843279571
MeshFilter:
  m_ObjectHideFlags: 0
  m_CorrespondingSourceObject: {fileID: 0}
  m_PrefabInstance: {fileID: 0}
  m_PrefabAsset: {fileID: 0}
  m_GameObject: {fileID: 843279568}
  m_Mesh: {fileID: 10202, guid: 0000000000000000e000000000000000, type: 0}
--- !u!4 &843279572
Transform:
  m_ObjectHideFlags: 0
  m_CorrespondingSourceObject: {fileID: 0}
  m_PrefabInstance: {fileID: 0}
  m_PrefabAsset: {fileID: 0}
  m_GameObject: {fileID: 843279568}
  m_LocalRotation: {x: 0, y: 0, z: 0, w: 1}
  m_LocalPosition: {x: 0, y: 0, z: 0}
  m_LocalScale: {x: 1, y: 1, z: 1}
  m_Children: []
  m_Father: {fileID: 0}
  m_RootOrder: 7
  m_LocalEulerAnglesHint: {x: 0, y: 0, z: 0}
--- !u!1001 &1049570908
PrefabInstance:
  m_ObjectHideFlags: 0
  serializedVersion: 2
  m_Modification:
    m_TransformParent: {fileID: 0}
    m_Modifications:
    - target: {fileID: -8679921383154817045, guid: 516966f784eecb447acdfb156f066093, type: 3}
      propertyPath: m_RootOrder
      value: 19
      objectReference: {fileID: 0}
    - target: {fileID: -8679921383154817045, guid: 516966f784eecb447acdfb156f066093, type: 3}
      propertyPath: m_LocalPosition.x
      value: -0.011100995
      objectReference: {fileID: 0}
    - target: {fileID: -8679921383154817045, guid: 516966f784eecb447acdfb156f066093, type: 3}
      propertyPath: m_LocalPosition.y
      value: -0.43109396
      objectReference: {fileID: 0}
    - target: {fileID: -8679921383154817045, guid: 516966f784eecb447acdfb156f066093, type: 3}
      propertyPath: m_LocalPosition.z
      value: 31.69
      objectReference: {fileID: 0}
    - target: {fileID: -8679921383154817045, guid: 516966f784eecb447acdfb156f066093, type: 3}
      propertyPath: m_LocalRotation.w
      value: 1
      objectReference: {fileID: 0}
    - target: {fileID: -8679921383154817045, guid: 516966f784eecb447acdfb156f066093, type: 3}
      propertyPath: m_LocalRotation.x
      value: 0
      objectReference: {fileID: 0}
    - target: {fileID: -8679921383154817045, guid: 516966f784eecb447acdfb156f066093, type: 3}
      propertyPath: m_LocalRotation.y
      value: -0
      objectReference: {fileID: 0}
    - target: {fileID: -8679921383154817045, guid: 516966f784eecb447acdfb156f066093, type: 3}
      propertyPath: m_LocalRotation.z
      value: -0
      objectReference: {fileID: 0}
    - target: {fileID: -8679921383154817045, guid: 516966f784eecb447acdfb156f066093, type: 3}
      propertyPath: m_LocalEulerAnglesHint.x
      value: 0
      objectReference: {fileID: 0}
    - target: {fileID: -8679921383154817045, guid: 516966f784eecb447acdfb156f066093, type: 3}
      propertyPath: m_LocalEulerAnglesHint.y
      value: 0
      objectReference: {fileID: 0}
    - target: {fileID: -8679921383154817045, guid: 516966f784eecb447acdfb156f066093, type: 3}
      propertyPath: m_LocalEulerAnglesHint.z
      value: 0
      objectReference: {fileID: 0}
    - target: {fileID: 919132149155446097, guid: 516966f784eecb447acdfb156f066093, type: 3}
      propertyPath: m_Name
      value: RailTrail and action platform (2)
      objectReference: {fileID: 0}
    m_RemovedComponents: []
  m_SourcePrefab: {fileID: 100100000, guid: 516966f784eecb447acdfb156f066093, type: 3}
--- !u!1001 &1148555299
PrefabInstance:
  m_ObjectHideFlags: 0
  serializedVersion: 2
  m_Modification:
    m_TransformParent: {fileID: 0}
    m_Modifications:
    - target: {fileID: -8679921383154817045, guid: c716f097c1454da4f80f883e6b2d6da3, type: 3}
      propertyPath: m_RootOrder
      value: 16
      objectReference: {fileID: 0}
    - target: {fileID: -8679921383154817045, guid: c716f097c1454da4f80f883e6b2d6da3, type: 3}
      propertyPath: m_LocalPosition.x
      value: -5.62
      objectReference: {fileID: 0}
    - target: {fileID: -8679921383154817045, guid: c716f097c1454da4f80f883e6b2d6da3, type: 3}
      propertyPath: m_LocalPosition.y
      value: 1.404022
      objectReference: {fileID: 0}
    - target: {fileID: -8679921383154817045, guid: c716f097c1454da4f80f883e6b2d6da3, type: 3}
      propertyPath: m_LocalPosition.z
      value: 16.13
      objectReference: {fileID: 0}
    - target: {fileID: -8679921383154817045, guid: c716f097c1454da4f80f883e6b2d6da3, type: 3}
      propertyPath: m_LocalRotation.w
      value: 1
      objectReference: {fileID: 0}
    - target: {fileID: -8679921383154817045, guid: c716f097c1454da4f80f883e6b2d6da3, type: 3}
      propertyPath: m_LocalRotation.x
      value: 0
      objectReference: {fileID: 0}
    - target: {fileID: -8679921383154817045, guid: c716f097c1454da4f80f883e6b2d6da3, type: 3}
      propertyPath: m_LocalRotation.y
      value: -0
      objectReference: {fileID: 0}
    - target: {fileID: -8679921383154817045, guid: c716f097c1454da4f80f883e6b2d6da3, type: 3}
      propertyPath: m_LocalRotation.z
      value: -0
      objectReference: {fileID: 0}
    - target: {fileID: -8679921383154817045, guid: c716f097c1454da4f80f883e6b2d6da3, type: 3}
      propertyPath: m_LocalEulerAnglesHint.x
      value: 0
      objectReference: {fileID: 0}
    - target: {fileID: -8679921383154817045, guid: c716f097c1454da4f80f883e6b2d6da3, type: 3}
      propertyPath: m_LocalEulerAnglesHint.y
      value: 0
      objectReference: {fileID: 0}
    - target: {fileID: -8679921383154817045, guid: c716f097c1454da4f80f883e6b2d6da3, type: 3}
      propertyPath: m_LocalEulerAnglesHint.z
      value: 0
      objectReference: {fileID: 0}
    - target: {fileID: 919132149155446097, guid: c716f097c1454da4f80f883e6b2d6da3, type: 3}
      propertyPath: m_Name
      value: TrainBogyMail
      objectReference: {fileID: 0}
    m_RemovedComponents: []
  m_SourcePrefab: {fileID: 100100000, guid: c716f097c1454da4f80f883e6b2d6da3, type: 3}
--- !u!1001 &1182327707
PrefabInstance:
  m_ObjectHideFlags: 0
  serializedVersion: 2
  m_Modification:
    m_TransformParent: {fileID: 0}
    m_Modifications:
    - target: {fileID: -8679921383154817045, guid: eb06b138a29e6d048a0cff777aa19e12, type: 3}
      propertyPath: m_RootOrder
      value: 5
      objectReference: {fileID: 0}
    - target: {fileID: -8679921383154817045, guid: eb06b138a29e6d048a0cff777aa19e12, type: 3}
      propertyPath: m_LocalPosition.x
      value: -0.09
      objectReference: {fileID: 0}
    - target: {fileID: -8679921383154817045, guid: eb06b138a29e6d048a0cff777aa19e12, type: 3}
      propertyPath: m_LocalPosition.y
      value: 0
      objectReference: {fileID: 0}
    - target: {fileID: -8679921383154817045, guid: eb06b138a29e6d048a0cff777aa19e12, type: 3}
      propertyPath: m_LocalPosition.z
      value: 6.14
      objectReference: {fileID: 0}
    - target: {fileID: -8679921383154817045, guid: eb06b138a29e6d048a0cff777aa19e12, type: 3}
      propertyPath: m_LocalRotation.w
      value: 1
      objectReference: {fileID: 0}
    - target: {fileID: -8679921383154817045, guid: eb06b138a29e6d048a0cff777aa19e12, type: 3}
      propertyPath: m_LocalRotation.x
      value: 0
      objectReference: {fileID: 0}
    - target: {fileID: -8679921383154817045, guid: eb06b138a29e6d048a0cff777aa19e12, type: 3}
      propertyPath: m_LocalRotation.y
      value: -0
      objectReference: {fileID: 0}
    - target: {fileID: -8679921383154817045, guid: eb06b138a29e6d048a0cff777aa19e12, type: 3}
      propertyPath: m_LocalRotation.z
      value: -0
      objectReference: {fileID: 0}
    - target: {fileID: -8679921383154817045, guid: eb06b138a29e6d048a0cff777aa19e12, type: 3}
      propertyPath: m_LocalEulerAnglesHint.x
      value: 0
      objectReference: {fileID: 0}
    - target: {fileID: -8679921383154817045, guid: eb06b138a29e6d048a0cff777aa19e12, type: 3}
      propertyPath: m_LocalEulerAnglesHint.y
      value: 0
      objectReference: {fileID: 0}
    - target: {fileID: -8679921383154817045, guid: eb06b138a29e6d048a0cff777aa19e12, type: 3}
      propertyPath: m_LocalEulerAnglesHint.z
      value: 0
      objectReference: {fileID: 0}
    - target: {fileID: 919132149155446097, guid: eb06b138a29e6d048a0cff777aa19e12, type: 3}
      propertyPath: m_Name
      value: MotorBike
      objectReference: {fileID: 0}
    m_RemovedComponents: []
  m_SourcePrefab: {fileID: 100100000, guid: eb06b138a29e6d048a0cff777aa19e12, type: 3}
--- !u!1 &1289416387
GameObject:
  m_ObjectHideFlags: 0
  m_CorrespondingSourceObject: {fileID: 0}
  m_PrefabInstance: {fileID: 0}
  m_PrefabAsset: {fileID: 0}
  serializedVersion: 6
  m_Component:
  - component: {fileID: 1289416389}
  - component: {fileID: 1289416388}
  m_Layer: 0
  m_Name: Directional Light
  m_TagString: Untagged
  m_Icon: {fileID: 0}
  m_NavMeshLayer: 0
  m_StaticEditorFlags: 0
  m_IsActive: 1
--- !u!108 &1289416388
Light:
  m_ObjectHideFlags: 0
  m_CorrespondingSourceObject: {fileID: 0}
  m_PrefabInstance: {fileID: 0}
  m_PrefabAsset: {fileID: 0}
  m_GameObject: {fileID: 1289416387}
  m_Enabled: 1
  serializedVersion: 10
  m_Type: 1
  m_Shape: 0
  m_Color: {r: 1, g: 1, b: 1, a: 1}
  m_Intensity: 0.7
  m_Range: 10
  m_SpotAngle: 30
  m_InnerSpotAngle: 21.80208
  m_CookieSize: 10
  m_Shadows:
    m_Type: 1
    m_Resolution: -1
    m_CustomResolution: -1
    m_Strength: 0.564
    m_Bias: 0.05
    m_NormalBias: 0.4
    m_NearPlane: 0.2
    m_CullingMatrixOverride:
      e00: 1
      e01: 0
      e02: 0
      e03: 0
      e10: 0
      e11: 1
      e12: 0
      e13: 0
      e20: 0
      e21: 0
      e22: 1
      e23: 0
      e30: 0
      e31: 0
      e32: 0
      e33: 1
    m_UseCullingMatrixOverride: 0
  m_Cookie: {fileID: 0}
  m_DrawHalo: 0
  m_Flare: {fileID: 0}
  m_RenderMode: 0
  m_CullingMask:
    serializedVersion: 2
    m_Bits: 4294967295
  m_RenderingLayerMask: 1
  m_Lightmapping: 4
  m_LightShadowCasterMode: 0
  m_AreaSize: {x: 1, y: 1}
  m_BounceIntensity: 1
  m_ColorTemperature: 6570
  m_UseColorTemperature: 0
  m_BoundingSphereOverride: {x: 0, y: 0, z: 0, w: 0}
  m_UseBoundingSphereOverride: 0
  m_UseViewFrustumForShadowCasterCull: 1
  m_ShadowRadius: 0
  m_ShadowAngle: 0
--- !u!4 &1289416389
Transform:
  m_ObjectHideFlags: 0
  m_CorrespondingSourceObject: {fileID: 0}
  m_PrefabInstance: {fileID: 0}
  m_PrefabAsset: {fileID: 0}
  m_GameObject: {fileID: 1289416387}
  m_LocalRotation: {x: -0.17070863, y: -0.37111872, z: 0.90844977, w: -0.08859169}
  m_LocalPosition: {x: 0, y: 3, z: 0}
  m_LocalScale: {x: 1, y: 1, z: 1}
  m_Children: []
  m_Father: {fileID: 0}
  m_RootOrder: 1
  m_LocalEulerAnglesHint: {x: 44.792, y: -20.145, z: 182.767}
--- !u!1001 &1390381525
PrefabInstance:
  m_ObjectHideFlags: 0
  serializedVersion: 2
  m_Modification:
    m_TransformParent: {fileID: 0}
    m_Modifications:
    - target: {fileID: -8679921383154817045, guid: c3877dfbab7611940b1db34459fa4e0e, type: 3}
      propertyPath: m_RootOrder
      value: 15
      objectReference: {fileID: 0}
    - target: {fileID: -8679921383154817045, guid: c3877dfbab7611940b1db34459fa4e0e, type: 3}
      propertyPath: m_LocalPosition.x
      value: -5.64
      objectReference: {fileID: 0}
    - target: {fileID: -8679921383154817045, guid: c3877dfbab7611940b1db34459fa4e0e, type: 3}
      propertyPath: m_LocalPosition.y
      value: 1.8265502
      objectReference: {fileID: 0}
    - target: {fileID: -8679921383154817045, guid: c3877dfbab7611940b1db34459fa4e0e, type: 3}
      propertyPath: m_LocalPosition.z
      value: 32.63
      objectReference: {fileID: 0}
    - target: {fileID: -8679921383154817045, guid: c3877dfbab7611940b1db34459fa4e0e, type: 3}
      propertyPath: m_LocalRotation.w
      value: 1
      objectReference: {fileID: 0}
    - target: {fileID: -8679921383154817045, guid: c3877dfbab7611940b1db34459fa4e0e, type: 3}
      propertyPath: m_LocalRotation.x
      value: 0
      objectReference: {fileID: 0}
    - target: {fileID: -8679921383154817045, guid: c3877dfbab7611940b1db34459fa4e0e, type: 3}
      propertyPath: m_LocalRotation.y
      value: -0
      objectReference: {fileID: 0}
    - target: {fileID: -8679921383154817045, guid: c3877dfbab7611940b1db34459fa4e0e, type: 3}
      propertyPath: m_LocalRotation.z
      value: -0
      objectReference: {fileID: 0}
    - target: {fileID: -8679921383154817045, guid: c3877dfbab7611940b1db34459fa4e0e, type: 3}
      propertyPath: m_LocalEulerAnglesHint.x
      value: 0
      objectReference: {fileID: 0}
    - target: {fileID: -8679921383154817045, guid: c3877dfbab7611940b1db34459fa4e0e, type: 3}
      propertyPath: m_LocalEulerAnglesHint.y
      value: 0
      objectReference: {fileID: 0}
    - target: {fileID: -8679921383154817045, guid: c3877dfbab7611940b1db34459fa4e0e, type: 3}
      propertyPath: m_LocalEulerAnglesHint.z
      value: 0
      objectReference: {fileID: 0}
    - target: {fileID: 919132149155446097, guid: c3877dfbab7611940b1db34459fa4e0e, type: 3}
      propertyPath: m_Name
      value: TrainBogy1
      objectReference: {fileID: 0}
    m_RemovedComponents: []
  m_SourcePrefab: {fileID: 100100000, guid: c3877dfbab7611940b1db34459fa4e0e, type: 3}
--- !u!1001 &1515175031
PrefabInstance:
  m_ObjectHideFlags: 0
  serializedVersion: 2
  m_Modification:
    m_TransformParent: {fileID: 0}
    m_Modifications:
    - target: {fileID: -8679921383154817045, guid: ce695690e7f405f448f3668332e95ced, type: 3}
      propertyPath: m_RootOrder
      value: 10
      objectReference: {fileID: 0}
    - target: {fileID: -8679921383154817045, guid: ce695690e7f405f448f3668332e95ced, type: 3}
      propertyPath: m_LocalPosition.x
      value: -0.62
      objectReference: {fileID: 0}
    - target: {fileID: -8679921383154817045, guid: ce695690e7f405f448f3668332e95ced, type: 3}
      propertyPath: m_LocalPosition.y
      value: 0
      objectReference: {fileID: 0}
    - target: {fileID: -8679921383154817045, guid: ce695690e7f405f448f3668332e95ced, type: 3}
      propertyPath: m_LocalPosition.z
      value: 14.04
      objectReference: {fileID: 0}
    - target: {fileID: -8679921383154817045, guid: ce695690e7f405f448f3668332e95ced, type: 3}
      propertyPath: m_LocalRotation.w
      value: 0.94327563
      objectReference: {fileID: 0}
    - target: {fileID: -8679921383154817045, guid: ce695690e7f405f448f3668332e95ced, type: 3}
      propertyPath: m_LocalRotation.x
      value: -0
      objectReference: {fileID: 0}
    - target: {fileID: -8679921383154817045, guid: ce695690e7f405f448f3668332e95ced, type: 3}
      propertyPath: m_LocalRotation.y
      value: -0.33201084
      objectReference: {fileID: 0}
    - target: {fileID: -8679921383154817045, guid: ce695690e7f405f448f3668332e95ced, type: 3}
      propertyPath: m_LocalRotation.z
      value: -0
      objectReference: {fileID: 0}
    - target: {fileID: -8679921383154817045, guid: ce695690e7f405f448f3668332e95ced, type: 3}
      propertyPath: m_LocalEulerAnglesHint.x
      value: 0
      objectReference: {fileID: 0}
    - target: {fileID: -8679921383154817045, guid: ce695690e7f405f448f3668332e95ced, type: 3}
      propertyPath: m_LocalEulerAnglesHint.y
      value: -38.782
      objectReference: {fileID: 0}
    - target: {fileID: -8679921383154817045, guid: ce695690e7f405f448f3668332e95ced, type: 3}
      propertyPath: m_LocalEulerAnglesHint.z
      value: 0
      objectReference: {fileID: 0}
    - target: {fileID: 919132149155446097, guid: ce695690e7f405f448f3668332e95ced, type: 3}
      propertyPath: m_Name
      value: Life Red
      objectReference: {fileID: 0}
    - target: {fileID: 6978997143183769225, guid: ce695690e7f405f448f3668332e95ced, type: 3}
      propertyPath: m_CastShadows
      value: 1
      objectReference: {fileID: 0}
    m_RemovedComponents: []
  m_SourcePrefab: {fileID: 100100000, guid: ce695690e7f405f448f3668332e95ced, type: 3}
--- !u!1001 &1563226539
PrefabInstance:
  m_ObjectHideFlags: 0
  serializedVersion: 2
  m_Modification:
    m_TransformParent: {fileID: 0}
    m_Modifications:
    - target: {fileID: -8679921383154817045, guid: 516966f784eecb447acdfb156f066093, type: 3}
      propertyPath: m_RootOrder
      value: 17
      objectReference: {fileID: 0}
    - target: {fileID: -8679921383154817045, guid: 516966f784eecb447acdfb156f066093, type: 3}
      propertyPath: m_LocalPosition.x
      value: -0.011100995
      objectReference: {fileID: 0}
    - target: {fileID: -8679921383154817045, guid: 516966f784eecb447acdfb156f066093, type: 3}
      propertyPath: m_LocalPosition.y
      value: -0.43109396
      objectReference: {fileID: 0}
    - target: {fileID: -8679921383154817045, guid: 516966f784eecb447acdfb156f066093, type: 3}
      propertyPath: m_LocalPosition.z
      value: -0.07838291
      objectReference: {fileID: 0}
    - target: {fileID: -8679921383154817045, guid: 516966f784eecb447acdfb156f066093, type: 3}
      propertyPath: m_LocalRotation.w
      value: 1
      objectReference: {fileID: 0}
    - target: {fileID: -8679921383154817045, guid: 516966f784eecb447acdfb156f066093, type: 3}
      propertyPath: m_LocalRotation.x
      value: 0
      objectReference: {fileID: 0}
    - target: {fileID: -8679921383154817045, guid: 516966f784eecb447acdfb156f066093, type: 3}
      propertyPath: m_LocalRotation.y
      value: -0
      objectReference: {fileID: 0}
    - target: {fileID: -8679921383154817045, guid: 516966f784eecb447acdfb156f066093, type: 3}
      propertyPath: m_LocalRotation.z
      value: -0
      objectReference: {fileID: 0}
    - target: {fileID: -8679921383154817045, guid: 516966f784eecb447acdfb156f066093, type: 3}
      propertyPath: m_LocalEulerAnglesHint.x
      value: 0
      objectReference: {fileID: 0}
    - target: {fileID: -8679921383154817045, guid: 516966f784eecb447acdfb156f066093, type: 3}
      propertyPath: m_LocalEulerAnglesHint.y
      value: 0
      objectReference: {fileID: 0}
    - target: {fileID: -8679921383154817045, guid: 516966f784eecb447acdfb156f066093, type: 3}
      propertyPath: m_LocalEulerAnglesHint.z
      value: 0
      objectReference: {fileID: 0}
    - target: {fileID: 919132149155446097, guid: 516966f784eecb447acdfb156f066093, type: 3}
      propertyPath: m_Name
      value: RailTrail and action platform
      objectReference: {fileID: 0}
    m_RemovedComponents: []
  m_SourcePrefab: {fileID: 100100000, guid: 516966f784eecb447acdfb156f066093, type: 3}
--- !u!1001 &1599430281
PrefabInstance:
  m_ObjectHideFlags: 0
  serializedVersion: 2
  m_Modification:
    m_TransformParent: {fileID: 0}
    m_Modifications:
    - target: {fileID: -8679921383154817045, guid: ac119f84cfcc7d84ea4924aa8aba4d90, type: 3}
      propertyPath: m_RootOrder
      value: 2
      objectReference: {fileID: 0}
    - target: {fileID: -8679921383154817045, guid: ac119f84cfcc7d84ea4924aa8aba4d90, type: 3}
      propertyPath: m_LocalPosition.x
      value: -0.79
      objectReference: {fileID: 0}
    - target: {fileID: -8679921383154817045, guid: ac119f84cfcc7d84ea4924aa8aba4d90, type: 3}
      propertyPath: m_LocalPosition.y
      value: 0
      objectReference: {fileID: 0}
    - target: {fileID: -8679921383154817045, guid: ac119f84cfcc7d84ea4924aa8aba4d90, type: 3}
      propertyPath: m_LocalPosition.z
      value: 9.05
      objectReference: {fileID: 0}
    - target: {fileID: -8679921383154817045, guid: ac119f84cfcc7d84ea4924aa8aba4d90, type: 3}
      propertyPath: m_LocalRotation.w
      value: 1
      objectReference: {fileID: 0}
    - target: {fileID: -8679921383154817045, guid: ac119f84cfcc7d84ea4924aa8aba4d90, type: 3}
      propertyPath: m_LocalRotation.x
      value: 0
      objectReference: {fileID: 0}
    - target: {fileID: -8679921383154817045, guid: ac119f84cfcc7d84ea4924aa8aba4d90, type: 3}
      propertyPath: m_LocalRotation.y
      value: -0
      objectReference: {fileID: 0}
    - target: {fileID: -8679921383154817045, guid: ac119f84cfcc7d84ea4924aa8aba4d90, type: 3}
      propertyPath: m_LocalRotation.z
      value: -0
      objectReference: {fileID: 0}
    - target: {fileID: -8679921383154817045, guid: ac119f84cfcc7d84ea4924aa8aba4d90, type: 3}
      propertyPath: m_LocalEulerAnglesHint.x
      value: 0
      objectReference: {fileID: 0}
    - target: {fileID: -8679921383154817045, guid: ac119f84cfcc7d84ea4924aa8aba4d90, type: 3}
      propertyPath: m_LocalEulerAnglesHint.y
      value: 0
      objectReference: {fileID: 0}
    - target: {fileID: -8679921383154817045, guid: ac119f84cfcc7d84ea4924aa8aba4d90, type: 3}
      propertyPath: m_LocalEulerAnglesHint.z
      value: 0
      objectReference: {fileID: 0}
    - target: {fileID: 919132149155446097, guid: ac119f84cfcc7d84ea4924aa8aba4d90, type: 3}
      propertyPath: m_Name
      value: Coin
      objectReference: {fileID: 0}
    - target: {fileID: 919132149155446097, guid: ac119f84cfcc7d84ea4924aa8aba4d90, type: 3}
      propertyPath: m_IsActive
      value: 1
      objectReference: {fileID: 0}
    m_RemovedComponents: []
  m_SourcePrefab: {fileID: 100100000, guid: ac119f84cfcc7d84ea4924aa8aba4d90, type: 3}
--- !u!1 &1609881106
GameObject:
  m_ObjectHideFlags: 0
  m_CorrespondingSourceObject: {fileID: 0}
  m_PrefabInstance: {fileID: 0}
  m_PrefabAsset: {fileID: 0}
  serializedVersion: 6
  m_Component:
  - component: {fileID: 1609881109}
  - component: {fileID: 1609881108}
  - component: {fileID: 1609881107}
  - component: {fileID: 1609881110}
  m_Layer: 0
  m_Name: Main Camera
  m_TagString: MainCamera
  m_Icon: {fileID: 0}
  m_NavMeshLayer: 0
  m_StaticEditorFlags: 0
  m_IsActive: 1
--- !u!81 &1609881107
AudioListener:
  m_ObjectHideFlags: 0
  m_CorrespondingSourceObject: {fileID: 0}
  m_PrefabInstance: {fileID: 0}
  m_PrefabAsset: {fileID: 0}
  m_GameObject: {fileID: 1609881106}
  m_Enabled: 1
--- !u!20 &1609881108
Camera:
  m_ObjectHideFlags: 0
  m_CorrespondingSourceObject: {fileID: 0}
  m_PrefabInstance: {fileID: 0}
  m_PrefabAsset: {fileID: 0}
  m_GameObject: {fileID: 1609881106}
  m_Enabled: 1
  serializedVersion: 2
  m_ClearFlags: 1
  m_BackGroundColor: {r: 0.19215687, g: 0.3019608, b: 0.4745098, a: 0}
  m_projectionMatrixMode: 1
  m_GateFitMode: 2
  m_FOVAxisMode: 0
  m_SensorSize: {x: 36, y: 24}
  m_LensShift: {x: 0, y: 0}
  m_FocalLength: 50
  m_NormalizedViewPortRect:
    serializedVersion: 2
    x: 0
    y: 0
    width: 1
    height: 1
  near clip plane: 0.3
  far clip plane: 1000
  field of view: 104
  orthographic: 0
  orthographic size: 5
  m_Depth: -1
  m_CullingMask:
    serializedVersion: 2
    m_Bits: 4294967295
  m_RenderingPath: -1
  m_TargetTexture: {fileID: 0}
  m_TargetDisplay: 0
  m_TargetEye: 3
  m_HDR: 1
  m_AllowMSAA: 1
  m_AllowDynamicResolution: 0
  m_ForceIntoRT: 0
  m_OcclusionCulling: 1
  m_StereoConvergence: 10
  m_StereoSeparation: 0.022
--- !u!4 &1609881109
Transform:
  m_ObjectHideFlags: 0
  m_CorrespondingSourceObject: {fileID: 0}
  m_PrefabInstance: {fileID: 0}
  m_PrefabAsset: {fileID: 0}
  m_GameObject: {fileID: 1609881106}
  m_LocalRotation: {x: 0.34526405, y: -0.1796074, z: 0.060322218, w: 0.91918176}
  m_LocalPosition: {x: 1.66, y: 6.25, z: 1.94}
  m_LocalScale: {x: 1, y: 1, z: 1}
  m_Children: []
  m_Father: {fileID: 0}
  m_RootOrder: 0
  m_LocalEulerAnglesHint: {x: 41.025, y: -22.486, z: -0.997}
--- !u!114 &1609881110
MonoBehaviour:
  m_ObjectHideFlags: 0
  m_CorrespondingSourceObject: {fileID: 0}
  m_PrefabInstance: {fileID: 0}
  m_PrefabAsset: {fileID: 0}
  m_GameObject: {fileID: 1609881106}
  m_Enabled: 1
  m_EditorHideFlags: 0
  m_Script: {fileID: 11500000, guid: a79441f348de89743a2939f4d699eac1, type: 3}
  m_Name: 
  m_EditorClassIdentifier: 
  m_RenderShadows: 1
  m_RequiresDepthTextureOption: 2
  m_RequiresOpaqueTextureOption: 2
  m_CameraType: 0
  m_Cameras: []
  m_RendererIndex: -1
  m_VolumeLayerMask:
    serializedVersion: 2
    m_Bits: 1
  m_VolumeTrigger: {fileID: 0}
  m_RenderPostProcessing: 0
  m_Antialiasing: 0
  m_AntialiasingQuality: 2
  m_StopNaN: 0
  m_Dithering: 0
  m_ClearDepth: 1
  m_AllowXRRendering: 1
  m_RequiresDepthTexture: 0
  m_RequiresColorTexture: 0
  m_Version: 2
--- !u!1001 &1613922130
PrefabInstance:
  m_ObjectHideFlags: 0
  serializedVersion: 2
  m_Modification:
    m_TransformParent: {fileID: 0}
    m_Modifications:
    - target: {fileID: -8679921383154817045, guid: c94934f218b50924f970179141267671, type: 3}
      propertyPath: m_RootOrder
      value: 6
      objectReference: {fileID: 0}
    - target: {fileID: -8679921383154817045, guid: c94934f218b50924f970179141267671, type: 3}
      propertyPath: m_LocalPosition.x
      value: -5.3189406
      objectReference: {fileID: 0}
    - target: {fileID: -8679921383154817045, guid: c94934f218b50924f970179141267671, type: 3}
      propertyPath: m_LocalPosition.y
      value: 4.14
      objectReference: {fileID: 0}
    - target: {fileID: -8679921383154817045, guid: c94934f218b50924f970179141267671, type: 3}
      propertyPath: m_LocalPosition.z
      value: 12.51
      objectReference: {fileID: 0}
    - target: {fileID: -8679921383154817045, guid: c94934f218b50924f970179141267671, type: 3}
      propertyPath: m_LocalRotation.w
      value: 0.47223604
      objectReference: {fileID: 0}
    - target: {fileID: -8679921383154817045, guid: c94934f218b50924f970179141267671, type: 3}
      propertyPath: m_LocalRotation.x
      value: -0
      objectReference: {fileID: 0}
    - target: {fileID: -8679921383154817045, guid: c94934f218b50924f970179141267671, type: 3}
      propertyPath: m_LocalRotation.y
      value: 0.8814722
      objectReference: {fileID: 0}
    - target: {fileID: -8679921383154817045, guid: c94934f218b50924f970179141267671, type: 3}
      propertyPath: m_LocalRotation.z
      value: -0
      objectReference: {fileID: 0}
    - target: {fileID: -8679921383154817045, guid: c94934f218b50924f970179141267671, type: 3}
      propertyPath: m_LocalEulerAnglesHint.x
      value: 0
      objectReference: {fileID: 0}
    - target: {fileID: -8679921383154817045, guid: c94934f218b50924f970179141267671, type: 3}
      propertyPath: m_LocalEulerAnglesHint.y
      value: 123.641
      objectReference: {fileID: 0}
    - target: {fileID: -8679921383154817045, guid: c94934f218b50924f970179141267671, type: 3}
      propertyPath: m_LocalEulerAnglesHint.z
      value: 0
      objectReference: {fileID: 0}
    - target: {fileID: 919132149155446097, guid: c94934f218b50924f970179141267671, type: 3}
      propertyPath: m_Name
      value: RivalCharacter1
      objectReference: {fileID: 0}
    m_RemovedComponents: []
  m_SourcePrefab: {fileID: 100100000, guid: c94934f218b50924f970179141267671, type: 3}
--- !u!1001 &1781222170
PrefabInstance:
  m_ObjectHideFlags: 0
  serializedVersion: 2
  m_Modification:
    m_TransformParent: {fileID: 0}
    m_Modifications:
    - target: {fileID: -8679921383154817045, guid: 03c23e8e35412b54f9c3a857931b077f, type: 3}
      propertyPath: m_RootOrder
      value: 8
      objectReference: {fileID: 0}
    - target: {fileID: -8679921383154817045, guid: 03c23e8e35412b54f9c3a857931b077f, type: 3}
      propertyPath: m_LocalPosition.x
      value: -5.438377
      objectReference: {fileID: 0}
    - target: {fileID: -8679921383154817045, guid: 03c23e8e35412b54f9c3a857931b077f, type: 3}
      propertyPath: m_LocalPosition.y
      value: 3.28
      objectReference: {fileID: 0}
    - target: {fileID: -8679921383154817045, guid: 03c23e8e35412b54f9c3a857931b077f, type: 3}
      propertyPath: m_LocalPosition.z
      value: 19.80174
      objectReference: {fileID: 0}
    - target: {fileID: -8679921383154817045, guid: 03c23e8e35412b54f9c3a857931b077f, type: 3}
      propertyPath: m_LocalRotation.w
      value: 0.30161548
      objectReference: {fileID: 0}
    - target: {fileID: -8679921383154817045, guid: 03c23e8e35412b54f9c3a857931b077f, type: 3}
      propertyPath: m_LocalRotation.x
      value: -0
      objectReference: {fileID: 0}
    - target: {fileID: -8679921383154817045, guid: 03c23e8e35412b54f9c3a857931b077f, type: 3}
      propertyPath: m_LocalRotation.y
      value: 0.9534297
      objectReference: {fileID: 0}
    - target: {fileID: -8679921383154817045, guid: 03c23e8e35412b54f9c3a857931b077f, type: 3}
      propertyPath: m_LocalRotation.z
      value: -0
      objectReference: {fileID: 0}
    - target: {fileID: -8679921383154817045, guid: 03c23e8e35412b54f9c3a857931b077f, type: 3}
      propertyPath: m_LocalEulerAnglesHint.x
      value: 0
      objectReference: {fileID: 0}
    - target: {fileID: -8679921383154817045, guid: 03c23e8e35412b54f9c3a857931b077f, type: 3}
      propertyPath: m_LocalEulerAnglesHint.y
      value: 144.891
      objectReference: {fileID: 0}
    - target: {fileID: -8679921383154817045, guid: 03c23e8e35412b54f9c3a857931b077f, type: 3}
      propertyPath: m_LocalEulerAnglesHint.z
      value: 0
      objectReference: {fileID: 0}
    - target: {fileID: 919132149155446097, guid: 03c23e8e35412b54f9c3a857931b077f, type: 3}
      propertyPath: m_Name
      value: RivalCharacter2
      objectReference: {fileID: 0}
    m_RemovedComponents: []
  m_SourcePrefab: {fileID: 100100000, guid: 03c23e8e35412b54f9c3a857931b077f, type: 3}
--- !u!1001 &2079138606
PrefabInstance:
  m_ObjectHideFlags: 0
  serializedVersion: 2
  m_Modification:
    m_TransformParent: {fileID: 0}
    m_Modifications:
    - target: {fileID: -8679921383154817045, guid: da4013fc262642c4fa4c0e0a31105936, type: 3}
      propertyPath: m_RootOrder
      value: 14
      objectReference: {fileID: 0}
    - target: {fileID: -8679921383154817045, guid: da4013fc262642c4fa4c0e0a31105936, type: 3}
      propertyPath: m_LocalPosition.x
      value: -5.7
      objectReference: {fileID: 0}
    - target: {fileID: -8679921383154817045, guid: da4013fc262642c4fa4c0e0a31105936, type: 3}
      propertyPath: m_LocalPosition.y
      value: 1.8265502
      objectReference: {fileID: 0}
    - target: {fileID: -8679921383154817045, guid: da4013fc262642c4fa4c0e0a31105936, type: 3}
      propertyPath: m_LocalPosition.z
      value: -0.51
      objectReference: {fileID: 0}
    - target: {fileID: -8679921383154817045, guid: da4013fc262642c4fa4c0e0a31105936, type: 3}
      propertyPath: m_LocalRotation.w
      value: 1
      objectReference: {fileID: 0}
    - target: {fileID: -8679921383154817045, guid: da4013fc262642c4fa4c0e0a31105936, type: 3}
      propertyPath: m_LocalRotation.x
      value: 0
      objectReference: {fileID: 0}
    - target: {fileID: -8679921383154817045, guid: da4013fc262642c4fa4c0e0a31105936, type: 3}
      propertyPath: m_LocalRotation.y
      value: -0
      objectReference: {fileID: 0}
    - target: {fileID: -8679921383154817045, guid: da4013fc262642c4fa4c0e0a31105936, type: 3}
      propertyPath: m_LocalRotation.z
      value: -0
      objectReference: {fileID: 0}
    - target: {fileID: -8679921383154817045, guid: da4013fc262642c4fa4c0e0a31105936, type: 3}
      propertyPath: m_LocalEulerAnglesHint.x
      value: 0
      objectReference: {fileID: 0}
    - target: {fileID: -8679921383154817045, guid: da4013fc262642c4fa4c0e0a31105936, type: 3}
      propertyPath: m_LocalEulerAnglesHint.y
      value: 0
      objectReference: {fileID: 0}
    - target: {fileID: -8679921383154817045, guid: da4013fc262642c4fa4c0e0a31105936, type: 3}
      propertyPath: m_LocalEulerAnglesHint.z
      value: 0
      objectReference: {fileID: 0}
    - target: {fileID: 919132149155446097, guid: da4013fc262642c4fa4c0e0a31105936, type: 3}
      propertyPath: m_Name
      value: TrainBogy2
      objectReference: {fileID: 0}
    m_RemovedComponents: []
  m_SourcePrefab: {fileID: 100100000, guid: da4013fc262642c4fa4c0e0a31105936, type: 3}
